@BOOKLET{Madsen2010,
  author = {Lars Madsen},
  title = {Introduktion til {LaTeX}},
  year = {2010},
  howpublished = {\url{http://www.imf.au.dk/system/latex/bog/}}
 }
 
@MISC{Oetiker2010,
  author = {Tobias Oetiker},
  title = {The Not So Short A Introduction to {LaTeX2e}},
  year = {2010},
  howpublished = {\url{http://tobi.oetiker.ch/lshort/lshort.pdf}}
 }
 
@BOOK{Mittelbach2005,
  author = {Frank Mittelbach},
  edition = {2. ed.},
  publisher = {Addison-Wesley},
  title = {The LATEX companion},
  year = 2005
}

@online{java_convention,
	title = {Code Conventions for the Java Programming Language: 9. Naming Conventions},
	url = {https://www.oracle.com/java/technologies/javase/codeconventions-namingconventions.html},
	urldate = {2021-09-21},
	file = {Code Conventions for the Java Programming Language\: 9. Naming Conventions:C\:\\Users\\Patrick\\Zotero\\storage\\FTE723K5\\codeconventions-namingconventions.html:text/html},
}